{1:F01BANK DANAMON}{2:ADIRA}{4:
:20:210128
:25:003600264117
:28C:00394
:60F:C210128IDR000002493383
:61:210128C000000500001NTRF60130002210128250481                    
:86:IVR TRF 003600245140 VIDI ALDIANO PUTRA 210128250481 60130002 ADIRAKUADKUPK123456789012IB2101280001100280
:61:210128C000001000000NTRF60130002210128270047                    
:86:IVR TRF 003600245140 VIDI ALDIANO PUTRA 210128270047 60130002 ADIRAKUADKUPK123456789013IB2101280001101400
:61:210128C000002000022NTRF60130002210128200083                    
:86:IVR TRF 003600245140 VIDI ALDIANO PUTRA 210128200083 60130002 ADIRAKUADKUPK123456789013IB2101280001103701
:61:210128C000002000022NTRF60130002210128420264                    
:86:IVR TRF 003600249886 PEGASUS JASA MOBIL 210128420264 60130002 ADIRAKUADKUPK123456789013IB2101280001103201
:61:210128C000000200002NTRF60130002210128490017                    
:86:IVR TRF 003600249886 PEGASUS JASA MOBIL 210128490017 60130002 ADIRAKUADKUPK123456789113IB2101280001105101
:61:210128C000000100007NTRF60130002210128520903                    
:86:IVR TRF 003600249886 PEGASUS JASA MOBIL 210128520903 60130002 ADIRAKUADKUPK123456789313IB2101280001107101
:62F:C210128IDR000008293437
-}


